<collection>
<record>
<leader>08154cpcaa22012617i 4500</leader>
<controlfield tag="001">19509737</controlfield>
<controlfield tag="005">20240228072413.0</controlfield>
<controlfield tag="008">170222i19802017nvu eng </controlfield>
<datafield ind1=" " ind2=" " tag="906">
<subfield code="a">7</subfield>
<subfield code="b">cbc</subfield>
<subfield code="c">orignew</subfield>
<subfield code="d">u</subfield>
<subfield code="e">ncip</subfield>
<subfield code="f">20</subfield>
<subfield code="g">y-folklife</subfield>
</datafield>
<datafield ind1=" " ind2=" " tag="955">
<subfield code="a">mkru 2017-02-22</subfield>
<subfield code="a">mseg 2018-11-08</subfield>
<subfield code="a">ahoo 2019-03-27</subfield>
<subfield code="a">masmit 2023-01-09</subfield>
<subfield code="a">sludewig 2023-01-31</subfield>
<subfield code="a">masmit 2023-02-07</subfield>
</datafield>
<datafield ind1=" " ind2=" " tag="010">
<subfield code="a"> 2017655214</subfield>
</datafield>
<datafield ind1=" " ind2=" " tag="040">
<subfield code="a">DLC</subfield>
<subfield code="b">eng</subfield>
<subfield code="e">dacs</subfield>
<subfield code="c">DLC</subfield>
<subfield code="d">DLC</subfield>
</datafield>
<datafield ind1=" " ind2=" " tag="043">
<subfield code="a">n-us-nv</subfield>
</datafield>
<datafield ind1=" " ind2=" " tag="090">
<subfield code="a">
RXJ 4773-4785, RXJ 4897-4923 (sound reels); RYQ 2431-2442, RYQ 2562-2661, RYQ 3172-3180, RYR 1075-1220 (sound cassettes)
</subfield>
</datafield>
<datafield ind1=" " ind2=" " tag="090">
<subfield code="a">AFC 2017/002</subfield>
</datafield>
<datafield ind1="0" ind2="0" tag="245">
<subfield code="a">Nevada Folklife Archive,</subfield>
<subfield code="f">1980-2017.</subfield>
</datafield>
<datafield ind1=" " ind2=" " tag="300">
<subfield code="3">whole collection</subfield>
<subfield code="a">approximately 84117</subfield>
<subfield code="f">items</subfield>
</datafield>
<datafield ind1=" " ind2=" " tag="300">
<subfield code="3">whole collection</subfield>
<subfield code="a">124</subfield>
<subfield code="f">containers</subfield>
</datafield>
<datafield ind1=" " ind2=" " tag="300">
<subfield code="3">whole collection</subfield>
<subfield code="a">119.8</subfield>
<subfield code="f">linear feet</subfield>
</datafield>
<datafield ind1=" " ind2=" " tag="300">
<subfield code="3">sound recordings</subfield>
<subfield code="a">30 sound tape reels :</subfield>
<subfield code="b">analog ;</subfield>
<subfield code="c">7 in.</subfield>
</datafield>
<datafield ind1=" " ind2=" " tag="300">
<subfield code="3">sound recordings</subfield>
<subfield code="a">461 sound cassettes :</subfield>
<subfield code="b">analog</subfield>
</datafield>
<datafield ind1=" " ind2=" " tag="300">
<subfield code="3">graphic materials</subfield>
<subfield code="a">9805 :</subfield>
<subfield code="b">film negatives, black and white ;</subfield>
<subfield code="c">35 mm</subfield>
</datafield>
<datafield ind1=" " ind2=" " tag="300">
<subfield code="3">graphic materials</subfield>
<subfield code="a">approximately 22880 photographs :</subfield>
<subfield code="b">color, Kodachrome transparencies ;</subfield>
<subfield code="c">35 mm</subfield>
</datafield>
<datafield ind1=" " ind2=" " tag="300">
<subfield code="3">graphic materials</subfield>
<subfield code="a">413 photographs :</subfield>
<subfield code="b">contact sheets, black and white ;</subfield>
<subfield code="c">various sizes</subfield>
</datafield>
<datafield ind1=" " ind2=" " tag="300">
<subfield code="3">graphic materials</subfield>
<subfield code="a">26 photographs :</subfield>
<subfield code="b">prints, color ;</subfield>
<subfield code="c">4 x 6 in.</subfield>
</datafield>
<datafield ind1=" " ind2=" " tag="300">
<subfield code="3">graphic materials</subfield>
<subfield code="a">47749 photographs :</subfield>
<subfield code="b">digital, JPGs, TIFs</subfield>
</datafield>
<datafield ind1=" " ind2=" " tag="300">
<subfield code="3">manuscripts</subfield>
<subfield code="a">2.8</subfield>
<subfield code="f">linear feet</subfield>
</datafield>
<datafield ind1=" " ind2=" " tag="300">
<subfield code="3">manuscripts</subfield>
<subfield code="a">9</subfield>
<subfield code="f">oversize posters</subfield>
</datafield>
<datafield ind1=" " ind2=" " tag="300">
<subfield code="3">manuscripts</subfield>
<subfield code="a">294 text files :</subfield>
<subfield code="b">digital , PDFs, DOCs</subfield>
</datafield>
<datafield ind1=" " ind2=" " tag="520">
<subfield code="a">
The Nevada Folklife Archive spans the years 1980 to 2017. The collection consists of field work conducted by folklorists employed by the Nevada Arts Council Folklife Program to document diverse communities and traditions across the state of Nevada.
</subfield>
</datafield>
<datafield ind1="2" ind2=" " tag="520">
<subfield code="a">
Tasked with documenting various aspects of life and culture in Nevada, folklorists employed by the Nevada Arts Council Folklife Program collected the extensive sound recordings, photographs, transcripts, and field notes retained in this collection. The collection includes documentation of occupational folklife, including ranching, mining, railroad work, nuclear plants, and the entertainment industry; expressive traditions, including fiddling contests, cowboy poetry, leatherwork, glassblowing, basketry, quilting, music, and dance; and examples of vernacular architecture on ranches. Interviews and documentation highlight African American, Mormon, Paiute, Shoshone, Basque, Latinx, Japanese American, Thai American, South Asian American, Scottish American, and Italian American communities and traditions across Nevada. A large portion of the collection also documents programs and events sponsored by the Nevada Arts Council Folklife Program, including the Las Vegas Folklife Festival, the Sierra Folklife Festival, and the Folk Arts Apprenticeship. In addition to field work documentation, the collection includes correspondence relating to the administration of the Folklife Program, publications from the Folklife Program, and program files relating to the production of the Las Vegas Folklife Festival and the Sierra Folklife Festival.
</subfield>
</datafield>
<datafield ind1="8" ind2=" " tag="524">
<subfield code="a">
Nevada Folklife Archive (AFC 2017/002), Archive of Folk Culture, American Folklife Center, Library of Congress, Washington, D.C.
</subfield>
</datafield>
<datafield ind1="0" ind2=" " tag="506">
<subfield code="a">
Collection is open for research. To request materials, please contact the Folklife Reading Room at https://hdl.loc.gov/loc.afc/folklife.contact
</subfield>
</datafield>
<datafield ind1=" " ind2=" " tag="540">
<subfield code="a">
Duplication of collection materials may be governed by copyright and other restrictions.
</subfield>
</datafield>
<datafield ind1=" " ind2=" " tag="541">
<subfield code="3">4 boxes of audio-visual materials:</subfield>
<subfield code="a">Nevada Arts Council, Folklife Program;</subfield>
<subfield code="c">Donation;</subfield>
<subfield code="d">February 2017.</subfield>
</datafield>
<datafield ind1=" " ind2=" " tag="541">
<subfield code="3">12 binders of photographs and 1 hard drive:</subfield>
<subfield code="a">Nevada Arts Council, Folklife Program;</subfield>
<subfield code="c">Donation;</subfield>
<subfield code="d">March 2017.</subfield>
</datafield>
<datafield ind1=" " ind2=" " tag="541">
<subfield code="3">23 containers and 2 hard drives:</subfield>
<subfield code="a">Nevada Arts Council, Folklife Program;</subfield>
<subfield code="c">Donation;</subfield>
<subfield code="d">March 2022.</subfield>
</datafield>
<datafield ind1=" " ind2=" " tag="545">
<subfield code="a">
The Nevada Arts Council Folklife Program, a division of the Nevada Department of Tourism and Cultural Affairs, was founded in 1985. The organization administers grants, produces exhibits and publications, and initiates documentation projects that focus on the many forms of individual, organizational, and community folklife across the state of Nevada. The Nevada Folklife Archive existed as a repository for the fieldwork conducted by folklorists and contractors employed by the agency beginning in 1985. Folklorists employed by the Nevada Arts Council Folklife Program include Andrea Graham, Russell Frank, Blanton Owen, Eliza Buck, Jeanne Harrah Johnson, Anne F. Hatch, Michael Luster, Lesley Williams, Nicholas Curchin Vrooman, Tamara Layman, Debbie Nolan, Penny Rucks, and Christina Barr, among others.
</subfield>
</datafield>
<datafield ind1=" " ind2=" " tag="546">
<subfield code="a">In English.</subfield>
</datafield>
<datafield ind1="0" ind2=" " tag="555">
<subfield code="a">Finding aid is available online</subfield>
<subfield code="u">https://hdl.loc.gov/loc.afc/eadafc.af022006</subfield>
</datafield>
<datafield ind1=" " ind2="0" tag="650">
<subfield code="a">Folklore</subfield>
<subfield code="z">Nevada.</subfield>
</datafield>
<datafield ind1=" " ind2="0" tag="650">
<subfield code="a">African Americans</subfield>
<subfield code="z">Nevada</subfield>
<subfield code="v">Interviews.</subfield>
</datafield>
<datafield ind1=" " ind2="0" tag="650">
<subfield code="a">Animals</subfield>
<subfield code="z">Nevada</subfield>
<subfield code="v">Anecdotes.</subfield>
</datafield>
<datafield ind1=" " ind2="0" tag="650">
<subfield code="a">Ballads, English</subfield>
<subfield code="z">Nevada.</subfield>
</datafield>
<datafield ind1=" " ind2="0" tag="650">
<subfield code="a">Basque Americans</subfield>
<subfield code="z">Nevada</subfield>
<subfield code="v">Interviews.</subfield>
</datafield>
<datafield ind1=" " ind2="0" tag="650">
<subfield code="a">Cowboys</subfield>
<subfield code="z">Nevada</subfield>
<subfield code="v">Interviews.</subfield>
</datafield>
<datafield ind1=" " ind2="0" tag="650">
<subfield code="a">Fiddling</subfield>
<subfield code="x">Competitions</subfield>
<subfield code="z">Nevada.</subfield>
</datafield>
<datafield ind1=" " ind2="0" tag="650">
<subfield code="a">Folk songs, English</subfield>
<subfield code="z">Nevada.</subfield>
</datafield>
<datafield ind1=" " ind2="0" tag="650">
<subfield code="a">Folk music</subfield>
<subfield code="z">Nevada.</subfield>
</datafield>
<datafield ind1=" " ind2="0" tag="650">
<subfield code="a">Food habits</subfield>
<subfield code="z">Nevada.</subfield>
</datafield>
<datafield ind1=" " ind2="0" tag="650">
<subfield code="a">Gamblers</subfield>
<subfield code="x">Language.</subfield>
</datafield>
<datafield ind1=" " ind2="0" tag="650">
<subfield code="a">Glass blowing and working</subfield>
<subfield code="z">Nevada.</subfield>
</datafield>
<datafield ind1=" " ind2="0" tag="650">
<subfield code="a">Gold mines and mining</subfield>
<subfield code="z">Nevada</subfield>
<subfield code="v">Anecdotes.</subfield>
</datafield>
<datafield ind1=" " ind2="0" tag="650">
<subfield code="a">Horses</subfield>
<subfield code="z">Nevada.</subfield>
</datafield>
<datafield ind1=" " ind2="0" tag="650">
<subfield code="a">Hunting</subfield>
<subfield code="z">Nevada.</subfield>
</datafield>
<datafield ind1=" " ind2="0" tag="650">
<subfield code="a">Japanese Americans</subfield>
<subfield code="z">Nevada</subfield>
<subfield code="v">Interviews.</subfield>
</datafield>
<datafield ind1=" " ind2="0" tag="650">
<subfield code="a">Leather workers</subfield>
<subfield code="z">Nevada</subfield>
<subfield code="v">Interviews.</subfield>
</datafield>
<datafield ind1=" " ind2="0" tag="650">
<subfield code="a">Legends</subfield>
<subfield code="z">Nevada.</subfield>
</datafield>
<datafield ind1=" " ind2="0" tag="650">
<subfield code="a">Mexican Americans</subfield>
<subfield code="z">Nevada</subfield>
<subfield code="v">Interviews.</subfield>
</datafield>
<datafield ind1=" " ind2="0" tag="650">
<subfield code="a">Miners</subfield>
<subfield code="z">Nevada</subfield>
<subfield code="v">Interviews.</subfield>
</datafield>
<datafield ind1=" " ind2="0" tag="650">
<subfield code="a">Latter Day Saints</subfield>
<subfield code="z">Nevada</subfield>
<subfield code="x">Folklore.</subfield>
</datafield>
<datafield ind1=" " ind2="0" tag="650">
<subfield code="a">Latter Day Saints</subfield>
<subfield code="z">Nevada</subfield>
<subfield code="v">Interviews.</subfield>
</datafield>
<datafield ind1=" " ind2="0" tag="650">
<subfield code="a">Musicians</subfield>
<subfield code="z">Nevada</subfield>
<subfield code="v">Interviews.</subfield>
</datafield>
<datafield ind1=" " ind2="0" tag="650">
<subfield code="a">Navajo Indians</subfield>
<subfield code="z">Nevada</subfield>
<subfield code="v">Interviews.</subfield>
</datafield>
<datafield ind1=" " ind2="0" tag="650">
<subfield code="a">Nuclear weapons</subfield>
<subfield code="z">Nevada</subfield>
<subfield code="x">Testing</subfield>
<subfield code="v">Anecdotes.</subfield>
</datafield>
<datafield ind1=" " ind2="0" tag="650">
<subfield code="a">Paiute Indians</subfield>
<subfield code="z">Nevada</subfield>
<subfield code="v">Interviews.</subfield>
</datafield>
<datafield ind1=" " ind2="0" tag="650">
<subfield code="a">Pilots</subfield>
<subfield code="z">Nevada</subfield>
<subfield code="v">Interviews.</subfield>
</datafield>
<datafield ind1=" " ind2="0" tag="650">
<subfield code="a">Primitive Baptists</subfield>
<subfield code="z">Nevada.</subfield>
</datafield>
<datafield ind1=" " ind2="0" tag="650">
<subfield code="a">Quilts</subfield>
<subfield code="z">Nevada.</subfield>
</datafield>
<datafield ind1=" " ind2="0" tag="650">
<subfield code="a">Railroads</subfield>
<subfield code="x">Employees</subfield>
<subfield code="z">Nevada.</subfield>
</datafield>
<datafield ind1=" " ind2="0" tag="650">
<subfield code="a">Ranchers</subfield>
<subfield code="z">Nevada</subfield>
<subfield code="v">Interviews.</subfield>
</datafield>
<datafield ind1=" " ind2="0" tag="650">
<subfield code="a">Ranches</subfield>
<subfield code="z">Nevada.</subfield>
</datafield>
<datafield ind1=" " ind2="0" tag="650">
<subfield code="a">Rodeos</subfield>
<subfield code="z">Nevada.</subfield>
</datafield>
<datafield ind1=" " ind2="0" tag="650">
<subfield code="a">Shoshoni Indians</subfield>
<subfield code="z">Nevada</subfield>
<subfield code="v">Interviews.</subfield>
</datafield>
<datafield ind1=" " ind2="0" tag="650">
<subfield code="a">South Asian Americans</subfield>
<subfield code="z">Nevada</subfield>
<subfield code="v">Interviews.</subfield>
</datafield>
<datafield ind1=" " ind2="0" tag="650">
<subfield code="a">Thai Americans</subfield>
<subfield code="z">Nevada</subfield>
<subfield code="v">Interviews.</subfield>
</datafield>
<datafield ind1=" " ind2="0" tag="650">
<subfield code="a">Tungsten mines and mining</subfield>
<subfield code="z">Nevada</subfield>
<subfield code="v">Anecdotes.</subfield>
</datafield>
<datafield ind1=" " ind2="0" tag="650">
<subfield code="a">Uranium mines and mining</subfield>
<subfield code="z">Nevada</subfield>
<subfield code="v">Anecdotes.</subfield>
</datafield>
<datafield ind1=" " ind2="0" tag="650">
<subfield code="a">Washoe Indians</subfield>
<subfield code="v">Interviews.</subfield>
</datafield>
<datafield ind1=" " ind2="0" tag="650">
<subfield code="a">Wild horses</subfield>
<subfield code="z">Nevada.</subfield>
</datafield>
<datafield ind1=" " ind2="0" tag="650">
<subfield code="a">Cemeteries</subfield>
<subfield code="z">Nevada.</subfield>
</datafield>
<datafield ind1=" " ind2="0" tag="651">
<subfield code="a">Nevada</subfield>
<subfield code="x">Social life and customs.</subfield>
</datafield>
<datafield ind1=" " ind2="7" tag="655">
<subfield code="a">Poems.</subfield>
<subfield code="2">aat</subfield>
</datafield>
<datafield ind1=" " ind2="7" tag="655">
<subfield code="a">Photographs.</subfield>
<subfield code="2">gmgpc</subfield>
</datafield>
<datafield ind1=" " ind2="7" tag="655">
<subfield code="a">Manuscripts.</subfield>
<subfield code="2">aat</subfield>
</datafield>
<datafield ind1=" " ind2="7" tag="655">
<subfield code="a">Aerial photographs.</subfield>
<subfield code="2">gmgpc</subfield>
</datafield>
<datafield ind1=" " ind2="7" tag="655">
<subfield code="a">Cowboy poetry.</subfield>
<subfield code="2">lcgft</subfield>
</datafield>
<datafield ind1=" " ind2="7" tag="655">
<subfield code="a">Dance music.</subfield>
<subfield code="2">lcgft</subfield>
</datafield>
<datafield ind1=" " ind2="7" tag="655">
<subfield code="a">Songs.</subfield>
<subfield code="2">lcgft</subfield>
</datafield>
<datafield ind1=" " ind2="7" tag="655">
<subfield code="a">Interviews.</subfield>
<subfield code="2">lcgft</subfield>
</datafield>
<datafield ind1=" " ind2="7" tag="655">
<subfield code="a">Oral histories.</subfield>
<subfield code="2">lcgft</subfield>
</datafield>
<datafield ind1=" " ind2="7" tag="655">
<subfield code="a">Personal narratives.</subfield>
<subfield code="2">lcgft</subfield>
</datafield>
<datafield ind1=" " ind2="7" tag="655">
<subfield code="a">Sound recordings.</subfield>
<subfield code="2">lcgft</subfield>
</datafield>
<datafield ind1=" " ind2="7" tag="655">
<subfield code="a">Field notes.</subfield>
<subfield code="2">aat</subfield>
</datafield>
<datafield ind1="1" ind2=" " tag="700">
<subfield code="a">Barr, Christina L.,</subfield>
<subfield code="e">recordist,</subfield>
<subfield code="e">photographer.</subfield>
</datafield>
<datafield ind1="1" ind2=" " tag="700">
<subfield code="a">Frank, Russell,</subfield>
<subfield code="e">recordist,</subfield>
<subfield code="e">photographer.</subfield>
</datafield>
<datafield ind1="1" ind2=" " tag="700">
<subfield code="a">Graham, Andrea,</subfield>
<subfield code="e">recordist,</subfield>
<subfield code="e">photographer.</subfield>
</datafield>
<datafield ind1="1" ind2=" " tag="700">
<subfield code="a">Hatch, Anne F.,</subfield>
<subfield code="e">recordist,</subfield>
<subfield code="e">photographer.</subfield>
</datafield>
<datafield ind1="1" ind2=" " tag="700">
<subfield code="a">Luster, Michael,</subfield>
<subfield code="e">recordist,</subfield>
<subfield code="e">photographer.</subfield>
</datafield>
<datafield ind1="1" ind2=" " tag="700">
<subfield code="a">Owen, Blanton,</subfield>
<subfield code="d">1945-1998,</subfield>
<subfield code="e">recordist,</subfield>
<subfield code="e">photographer.</subfield>
</datafield>
<datafield ind1="1" ind2=" " tag="700">
<subfield code="a">Rucks, Penny,</subfield>
<subfield code="e">recordist,</subfield>
<subfield code="e">photographer.</subfield>
</datafield>
<datafield ind1="1" ind2=" " tag="700">
<subfield code="a">Vrooman, Nicholas Curchin,</subfield>
<subfield code="e">recordist,</subfield>
<subfield code="e">photographer.</subfield>
</datafield>
<datafield ind1="1" ind2=" " tag="700">
<subfield code="a">Williams, Lesley,</subfield>
<subfield code="e">recordist,</subfield>
<subfield code="e">photographer.</subfield>
</datafield>
<datafield ind1="2" ind2=" " tag="710">
<subfield code="a">Nevada Arts Council,</subfield>
<subfield code="e">collector.</subfield>
</datafield>
<datafield ind1=" " ind2=" " tag="852">
<subfield code="a">Library of Congress</subfield>
<subfield code="b">American Folklife Center,</subfield>
<subfield code="e">
101 Independence Ave. S.E., Washington, DC USA 20540-4610
</subfield>
<subfield code="u">https://hdl.loc.gov/loc.afc/folklife.home</subfield>
</datafield>
<datafield ind1="4" ind2="2" tag="856">
<subfield code="3">Finding aid</subfield>
<subfield code="u">https://hdl.loc.gov/loc.afc/eadafc.af022006</subfield>
</datafield>
<datafield ind1=" " ind2=" " tag="985">
<subfield code="a">afc/coll</subfield>
</datafield>
<datafield ind1=" " ind2=" " tag="985">
<subfield code="a">afc/ead</subfield>
</datafield>
</record>
</collection>